% Encoding: UTF-8

@Article{kasahara1974various,
  author  = {Kasahara, Akira},
  title   = {Various vertical coordinate systems used for numerical weather prediction},
  journal = {Monthly Weather Review},
  year    = {1974},
  volume  = {102},
  number  = {7},
  pages   = {509--522},
}

@Book{coiffier2011fundamentals,
  title     = {Fundamentals of numerical weather prediction},
  publisher = {Cambridge University Press},
  year      = {2011},
  author    = {Coiffier, Jean},
}

@Article{laprise1992euler,
  author  = {Laprise, Ren{\'e}},
  title   = {The Euler equations of motion with hydrostatic pressure as an independent variable},
  journal = {Monthly weather review},
  year    = {1992},
  volume  = {120},
  number  = {1},
  pages   = {197--207},
}

@Article{moler2003nineteen,
  author    = {Moler, Cleve and Van Loan, Charles},
  title     = {Nineteen dubious ways to compute the exponential of a matrix, twenty-five years later},
  journal   = {SIAM review},
  year      = {2003},
  volume    = {45},
  number    = {1},
  pages     = {3--49},
  publisher = {SIAM},
}

@Article{larson1963stratosphere,
  author = {Larson, Terry J and Montoya, EJ},
  title  = {Stratosphere and mesosphere density-height profiles obtained with the x-15 airplane},
  year   = {1963},
}

@Article{hardy1942velocity,
  author    = {Hardy, Howard C and Telfair, David and Pielemeier, WH},
  title     = {The velocity of sound in air},
  journal   = {The Journal of the Acoustical Society of America},
  year      = {1942},
  volume    = {13},
  number    = {3},
  pages     = {226--233},
  publisher = {ASA},
}

@Comment{jabref-meta: databaseType:bibtex;}
